<?xml version="1.0" encoding="UTF-8"?><record xmlns="http://www.loc.gov/MARC21/slim" xmlns:cinclude="http://apache.org/cocoon/include/1.0" xmlns:zs="http://www.loc.gov/zing/srw/">
  <leader>00476nz  a2200121n  4500</leader>
  <controlfield tag="001">n 2006218130</controlfield>
  <controlfield tag="003">DLC</controlfield>
  <controlfield tag="005">20060707102854.0</controlfield>
  <controlfield tag="008">060707n| acannaabn          |n aaa      </controlfield>
  <datafield tag="010" ind1=" " ind2=" ">
    <subfield code="a">n 2006218130</subfield>
  </datafield>
  <datafield tag="040" ind1=" " ind2=" ">
    <subfield code="a">DLC</subfield>
    <subfield code="b">eng</subfield>
    <subfield code="c">DLC</subfield>
  </datafield>
  <datafield tag="100" ind1="1" ind2=" ">
    <subfield code="a">Breyton, Danielle Melanie</subfield>
  </datafield>
  <datafield tag="670" ind1=" " ind2=" ">
    <subfield code="a">Figuras clínicas do feminino no mal-estar contemporâneo, 2002:</subfield>
    <subfield code="b">t.p. (Danielle Melanie Breyton) p. 344 (psicóloga, psicanalista, integrante do Departamento de Psicanálise do Instituto Sedes Sapientiae)</subfield>
  </datafield>
</record>